@misc{Naor00,
    author = {Moni Naor and Benny Pinkas},
    title = {Efficient Trace and Revoke Schemes},
    year = {2000}
}
